@inproceedings{sperber-paulik-2020-speech,
    title = "Speech Translation and the End-to-End Promise: Taking Stock of Where We Are",
    author = "Sperber, Matthias  and
      Paulik, Matthias",
    booktitle = "Proceedings of the 58th Annual Meeting of the Association for Computational Linguistics",
    month = jul,
    year = "2020",
    url = "https://www.aclweb.org/anthology/2020.acl-main.661",
    doi = "10.18653/v1/2020.acl-main.661",
    pages = "7409--7421"
}

@article{quan-2019-very-deep,
  title={Very deep self-attention networks for end-to-end speech recognition},
  author={Pham, Ngoc-Quan and Nguyen, Thai-Son and Niehues, Jan and M{\"u}ller, Markus and St{\"u}ker, Sebastian and Waibel, Alexander},
  journal={arXiv preprint arXiv:1904.13377},
  year={2019}
}

@inproceedings{CascadedError,
  title={Assessing the impact of speech recognition errors on machine translation quality},
  author={Ruiz, Nicholas and Federico, Marcello},
  booktitle={11th Conference of the Association for Machine Translation in the Americas (AMTA), Vancouver, BC, Canada},
  year={2014}
}

@article{IntroCascade,
author = {Stentiford, Fred and Steer, M.G.},
year = {1988},
month = {04},
pages = {116-123},
title = {MACHINE TRANSLATION OF SPEECH.},
journal = {British Telecom technology journal},
volume = {6}
}

@inproceedings{bansal-etal-2019-pre,
    title = "Pre-training on high-resource speech recognition improves low-resource speech-to-text translation",
    author = "Bansal\vspace{0mm}, Sameer  and
      Kamper, Herman  and
      Livescu, Karen  and
      Lopez, Adam  and
      Goldwater, Sharon",
    booktitle = "Proceedings of the 2019 Conference of the North {A}merican Chapter of the Association for Computational Linguistics: Human Language Technologies, Volume 1 (Long and Short Papers)",
    year = "2019",
    address = "Minneapolis, Minnesota",
    publisher = "Association for Computational Linguistics",
    doi = "10.18653/v1/N19-1006",
    pages = "58--68",
}

@inproceedings{tang2021general,
  title={A general multi-task learning framework to leverage text data for speech to text tasks},
  author={Tang, Yun and Pino, Juan and Wang, Changhan and Ma, Xutai and Genzel, Dmitriy},
  booktitle={ICASSP 2021-2021 IEEE International Conference on Acoustics, Speech and Signal Processing (ICASSP)},
  pages={6209--6213},
  year={2021},
  organization={IEEE}
}

@inproceedings{attention,
 author = {Vaswani, Ashish and Shazeer, Noam and Parmar, Niki and Uszkoreit, Jakob and Jones, Llion and Gomez, Aidan N and Kaiser, \L ukasz and Polosukhin, Illia},
 booktitle = {Advances in Neural Information Processing Systems},
 pages = {},
 title = {Attention is All you Need},
 volume = {30},
 year = {2017}
}

@article{googleNMT,
  title={Googleâ€™s multilingual neural machine translation system: Enabling zero-shot translation},
  author={Johnson, Melvin and Schuster, Mike and Le, Quoc V and Krikun, Maxim and Wu, Yonghui and Chen, Zhifeng and Thorat, Nikhil and Vi{\'e}gas, Fernanda and Wattenberg, Martin and Corrado, Greg and others},
  journal={Transactions of the Association for Computational Linguistics},
  volume={5},
  pages={339--351},
  year={2017},
  publisher={MIT Press}
}

@inproceedings{ZS-Quan,
    title = "Improving Zero-shot Translation with Language-Independent Constraints",
    author = "Pham, Ngoc-Quan  and
      Niehues, Jan  and
      Ha, Thanh-Le  and
      Waibel, Alexander",
    booktitle = "Proceedings of the Fourth Conference on Machine Translation (Volume 1: Research Papers)",
    month = aug,
    year = "2019",
    address = "Florence, Italy",
    publisher = "Association for Computational Linguistics",
    doi = "10.18653/v1/W19-5202",
    pages = "13--23"
}

@article{DEPI,
  title={Improving Zero-Shot Translation by Disentangling Positional Information},
  author={Liu, Danni and Niehues, Jan and Cross, James and Guzm{\'a}n, Francisco and Li, Xian},
  journal={arXiv preprint arXiv:2012.15127},
  year={2020}
}

@article{wang2020covost,
  title={Covost 2: A massively multilingual speech-to-text translation corpus},
  author={Wang, Changhan and Wu, Anne and Pino, Juan},
  journal={arXiv preprint arXiv:2007.10310},
  year={2020}
}

@inproceedings{sentencepiece,
    title = "{S}entence{P}iece: A simple and language independent subword tokenizer and detokenizer for Neural Text Processing",
    author = "Kudo, Taku  and
      Richardson, John",
    booktitle = "Proceedings of the 2018 Conference on Empirical Methods in Natural Language Processing: System Demonstrations",
    month = nov,
    year = "2018",
    address = "Brussels, Belgium",
    publisher = "Association for Computational Linguistics",
    doi = "10.18653/v1/D18-2012",
    pages = "66--71",
}

@inproceedings{wang2019vizseq,
  title = {VizSeq: A Visual Analysis Toolkit for Text Generation Tasks},
  author = {Changhan Wang, Anirudh Jain, Danlu Chen, Jiatao Gu},
  booktitle = {In Proceedings of the 2019 Conference on Empirical Methods in Natural Language Processing: System Demonstrations},
  year = {2019},
}

@inproceedings{bleu,
  title = "A Call for Clarity in Reporting {BLEU} Scores",
  author = "Post, Matt",
  booktitle = "Proceedings of the Third Conference on Machine Translation: Research Papers",
  month = oct,
  year = "2018",
  address = "Belgium, Brussels",
  publisher = "Association for Computational Linguistics",
  pages = "186--191",
}

@article{ExampleDirect,
  title={Low-resource speech-to-text translation},
  author={Bansal, Sameer and Kamper, Herman and Livescu, Karen and Lopez, Adam and Goldwater, Sharon},
  journal={Annual Conference of the International Speech Communication Association (InterSpeech)},
  year={2018}
}

@article{ZSha2016,
  title={Toward multilingual neural machine translation with universal encoder and decoder},
  author={Ha, Thanh-Le and Niehues, Jan and Waibel, Alexander},
  journal={arXiv preprint arXiv:1611.04798},
  year={2016}
}

@article{ZSha2017,
  title={Effective strategies in zero-shot neural machine translation},
  author={Ha\vspace{0mm}, Thanh-Le and Niehues, Jan and Waibel, Alexander},
  journal={arXiv preprint arXiv:1711.07893},
  year={2017}
}

@article{salesky2020phone,
  title={Phone features improve speech translation},
  author={Salesky, Elizabeth and Black, Alan W},
  journal={arXiv preprint arXiv:2005.13681},
  year={2020}
}

@article{gaido2021ctc,
  title={CTC-based Compression for Direct Speech Translation},
  author={Gaido, Marco and Cettolo, Mauro and Negri, Matteo and Turchi, Marco},
  journal={arXiv preprint arXiv:2102.01578},
  year={2021}
}

@incollection{NIPS2017_7188,
	title = {SVCCA: Singular Vector Canonical Correlation Analysis for Deep Learning Dynamics and Interpretability},
	author = {Raghu, Maithra and Gilmer, Justin and Yosinski, Jason and Sohl-Dickstein, Jascha},
	booktitle = {Advances in Neural Information Processing Systems 30},
	editor = {I. Guyon and U. V. Luxburg and S. Bengio and H. Wallach and R. Fergus and S. Vishwanathan and R. Garnett},
	pages = {6076--6085},
	year = {2017},
	publisher = {Curran Associates, Inc.}
}

@inproceedings{pham2019iwslt,
	title={The iwslt 2019 kit speech translation system},
	author={Pham, Ngoc-Quan and Nguyen, Thai-Son and Ha, Thanh-Le and Hussain, Juan and Schneider, Felix and Niehues, Jan and St{\"u}ker, Sebastian and Waibel, Alexander},
	booktitle={Proceedings of the 16th International Workshop on Spoken Language Translation (IWSLT 2019)},
	year={2019}
}

@inproceedings{jia2019leveraging,
  title={Leveraging weakly supervised data to improve end-to-end speech-to-text translation},
  author={Jia, Ye and Johnson, Melvin and Macherey, Wolfgang and Weiss, Ron J and Cao, Yuan and Chiu, Chung-Cheng and Ari, Naveen and Laurenzo, Stella and Wu, Yonghui},
  booktitle={ICASSP 2019-2019 IEEE International Conference on Acoustics, Speech and Signal Processing (ICASSP)},
  pages={7180--7184},
  year={2019},
  organization={IEEE}
}

@article{pino2019harnessing,
  title={Harnessing indirect training data for end-to-end automatic speech translation: Tricks of the trade},
  author={Pino, Juan and Puzon, Liezl and Gu, Jiatao and Ma, Xutai and McCarthy, Arya D and Gopinath, Deepak},
  journal={International Workshop on Spoken Language Translation (IWSLT)},
  year={2019}
}